@article{lelieveld2015contribution,
  title={The contribution of outdoor air pollution sources to premature mortality on a global scale},
  author={Lelieveld, Jos and Evans, John S and Fnais, Mohammed and Giannadaki, Despina and Pozzer, Andrea},
  journal={Nature},
  volume={525},
  number={7569},
  pages={367--371},
  year={2015},
  publisher={Nature Publishing Group}
}

@article{davidson2005airborne,
  title={Airborne particulate matter and human health: a review},
  author={Davidson, Cliff I and Phalen, Robert F and Solomon, Paul A},
  journal={Aerosol Science and Technology},
  volume={39},
  number={8},
  pages={737--749},
  year={2005},
  publisher={Taylor \& Francis}
}

@article{Bond07,
	Author = {Bond, T. C. and Bhardwaj, E. and Dong, R. and Jogani, R. and Jung, S. and Roden, C. and Streets, D. G. and Trautmann, N. M.},
	Date-Added = {2008-07-01 16:37:31 -0400},
	Date-Modified = {2008-08-20 22:46:11 -0400},
	Journal = {Glob. Biogeochem. Cyc.},
	Number = {GB2018},
	Pages = {doi:10.1029/2006GB002840},
	Title = {Historical emissions of black and organic carbon aerosol from energy related combustion, 1850-2000},
	Volume = {21},
	Year = {2007}}

@article{smith2020effective,
  title={Effective radiative forcing and adjustments in CMIP6 models},
  author={Smith, Christopher J and Kramer, Ryan J and Myhre, Gunnar and Alterskj{\ae}r, Kari and Collins, William and Sima, Adriana and Boucher, Olivier and Dufresne, Jean-Louis and Nabat, Pierre and Michou, Martine and others},
  journal={Atmospheric Chemistry and Physics},
  volume={20},
  number={16},
  pages={9591--9618},
  year={2020},
  publisher={Copernicus GmbH}
}


@article{han2020mechanisms,
  title={The mechanisms and seasonal differences of the impact of aerosols on daytime surface urban heat island effect},
  author={Han, Wenchao and Li, Zhanqing and Wu, Fang and Zhang, Yuwei and Guo, Jianping and Su, Tianning and Cribb, Maureen and Fan, Jiwen and Chen, Tianmeng and Wei, Jing and others},
  journal={Atmospheric Chemistry and Physics},
  volume={20},
  number={11},
  pages={6479--6493},
  year={2020},
  publisher={Copernicus GmbH}
}

 @article{yang2020pm2,
  title={PM2. 5 pollution modulates wintertime urban heat island intensity in the Beijing-Tianjin-Hebei Megalopolis, China},
  author={Yang, Yuanjian and Zheng, Zuofang and Yim, Steve YL and Roth, Matthias and Ren, Guoyu and Gao, Zhiqiu and Wang, Tijian and Li, Qingxiang and Shi, Chune and Ning, Guicai and others},
  journal={Geophysical Research Letters},
  volume={47},
  number={1},
  pages={e2019GL084288},
  year={2020},
  publisher={Wiley Online Library}
}

@article{wu2017urban,
  title={Urban heat island impacted by fine particles in Nanjing, China},
  author={Wu, Hao and Wang, Tijian and Riemer, Nicole and Chen, Pulong and Li, Mengmeng and Li, Shu},
  journal={Scientific reports},
  volume={7},
  number={1},
  pages={11422},
  year={2017},
  publisher={Nature Publishing Group UK London}
}

@article{rosenfeld2008flood,
  title={Flood or drought: how do aerosols affect precipitation?},
  author={Rosenfeld, Daniel and Lohmann, Ulrike and Raga, Graciela B and O'Dowd, Colin D and Kulmala, Markku and Fuzzi, Sandro and Reissell, Anni and Andreae, Meinrat O},
  journal={science},
  volume={321},
  number={5894},
  pages={1309--1313},
  year={2008},
  publisher={American Association for the Advancement of Science}
}

@article{van2007urban,
  title={Urban aerosol impacts on downwind convective storms},
  author={Van Den Heever, Susan C and Cotton, William R},
  journal={Journal of Applied Meteorology and Climatology},
  volume={46},
  number={6},
  pages={828--850},
  year={2007},
  publisher={American Meteorological Society}
}

@article{kinne2006aerocom,
  title={An AeroCom initial assessment--optical properties in aerosol component modules of global models},
  author={Kinne, Stefan and Schulz, Michael and Textor, C and Guibert, S and Balkanski, Yves and Bauer, Susanne E and Berntsen, T and Berglen, TF and Boucher, Olivier and Chin, M and others},
  journal={Atmospheric Chemistry and Physics},
  volume={6},
  number={7},
  pages={1815--1834},
  year={2006},
  publisher={Copernicus GmbH}
}

@article{schulz2006radiative,
  title={Radiative forcing by aerosols as derived from the AeroCom present-day and pre-industrial simulations},
  author={Schulz, Michael and Textor, C and Kinne, Stefan and Balkanski, Yves and Bauer, S and Berntsen, T and Berglen, T and Boucher, Olivier and Dentener, F and Guibert, S and others},
  journal={Atmospheric chemistry and physics},
  volume={6},
  number={12},
  pages={5225--5246},
  year={2006},
  publisher={Copernicus Publications G{\"o}ttingen, Germany}
}

@article{textor2006analysis,
  title={Analysis and quantification of the diversities of aerosol life cycles within AeroCom},
  author={Textor, Christiane and Schulz, M and Guibert, S and Kinne, Stefan and Balkanski, Yves and Bauer, S and Berntsen, T and Berglen, T and Boucher, Olivier and Chin, M and others},
  journal={Atmospheric Chemistry and Physics},
  volume={6},
  number={7},
  pages={1777--1813},
  year={2006},
  publisher={Copernicus GmbH}
}

@article{myhre2013radiative,
  title={Radiative forcing of the direct aerosol effect from AeroCom Phase II simulations},
  author={Myhre, Gunnar and Samset, Bj{\o}rn Hallvard and Schulz, M and Balkanski, Yves and Bauer, S and Berntsen, Terje Koren and Bian, Huisheng and Bellouin, Nicolas and Chin, M and Diehl, T and others},
  journal={Atmospheric Chemistry and Physics},
  volume={13},
  number={4},
  pages={1853--1877},
  year={2013},
  publisher={Copernicus GmbH}
}

@article{samset2013black,
  title={Black carbon vertical profiles strongly affect its radiative forcing uncertainty},
  author={Samset, Bj{\o}rn Hallvard and Myhre, Gunnar and Schulz, Michael and Balkanski, Yves and Bauer, S and Berntsen, Terje Koren and Bian, Huisheng and Bellouin, Nicolas and Diehl, T and Easter, Richard C and others},
  journal={Atmospheric Chemistry and Physics},
  volume={13},
  number={5},
  pages={2423--2434},
  year={2013},
  publisher={Copernicus Publications G{\"o}ttingen, Germany}
}

@article{hoesly2018historical,
  title={Historical (1750--2014) anthropogenic emissions of reactive gases and aerosols from the Community Emissions Data System (CEDS)},
  author={Hoesly, Rachel M and Smith, Steven J and Feng, Leyang and Klimont, Zbigniew and Janssens-Maenhout, Greet and Pitkanen, Tyler and Seibert, Jonathan J and Vu, Linh and Andres, Robert J and Bolt, Ryan M and others},
  journal={Geoscientific Model Development},
  volume={11},
  number={1},
  pages={369--408},
  year={2018},
  publisher={Copernicus GmbH}
}

@article{koch2009evaluation,
  title={Evaluation of black carbon estimations in global aerosol models},
  author={Koch, D and Schulz, M and Kinne, Stefan and McNaughton, C and Spackman, JR and Balkanski, Yves and Bauer, S and Berntsen, T and Bond, Tami C and Boucher, Olivier and others},
  journal={Atmospheric Chemistry and Physics},
  volume={9},
  number={22},
  pages={9001--9026},
  year={2009},
  publisher={Copernicus Publications G{\"o}ttingen, Germany}
}

@article{golaz2019doe,
  title={The DOE E3SM coupled model version 1: Overview and evaluation at standard resolution},
  author={Golaz, Jean-Christophe and Caldwell, Peter M and Van Roekel, Luke P and Petersen, Mark R and Tang, Qi and Wolfe, Jonathan D and Abeshu, Guta and Anantharaj, Valentine and Asay-Davis, Xylar S and Bader, David C and others},
  journal={Journal of Advances in Modeling Earth Systems},
  volume={11},
  number={7},
  pages={2089--2129},
  year={2019},
  publisher={Wiley Online Library}
}

@article{burrows2022oceanfilms,
  title={OCEANFILMS (Organic Compounds from Ecosystems to Aerosols: Natural Films and Interfaces via Langmuir Molecular Surfactants) sea spray organic aerosol emissions--implementation in a global climate model and impacts on clouds},
  author={Burrows, Susannah M and Easter, Richard C and Liu, Xiaohong and Ma, Po-Lun and Wang, Hailong and Elliott, Scott M and Singh, Balwinder and Zhang, Kai and Rasch, Philip J},
  journal={Atmospheric Chemistry and Physics},
  volume={22},
  number={8},
  pages={5223--5251},
  year={2022},
  publisher={Copernicus GmbH}
}

@article{liu2012toward,
  title={Toward a minimal representation of aerosols in climate models: Description and evaluation in the Community Atmosphere Model CAM5},
  author={Liu, Xiaohong and Easter, Richard C and Ghan, Steven J and Zaveri, R and Rasch, P and Shi, Xiangjun and Lamarque, J-F and Gettelman, Andrew and Morrison, Hugh and Vitt, Francis and others},
  journal={Geoscientific Model Development},
  volume={5},
  number={3},
  pages={709--739},
  year={2012},
  publisher={Copernicus GmbH}
}

@article{liu2016description,
  title={Description and evaluation of a new four-mode version of the Modal Aerosol Module (MAM4) within version 5.3 of the Community Atmosphere Model},
  author={Liu, X and Ma, P-L and Wang, H and Tilmes, S and Singh, B and Easter, RC and Ghan, SJ and Rasch, PJ},
  journal={Geoscientific Model Development},
  volume={9},
  number={2},
  pages={505--522},
  year={2016},
  publisher={Copernicus GmbH}
}

@article{wang2020aerosols,
  title={Aerosols in the E3SM Version 1: New developments and their impacts on radiative forcing},
  author={Wang, Hailong and Easter, Richard C and Zhang, Rudong and Ma, Po-Lun and Singh, Balwinder and Zhang, Kai and Ganguly, Dilip and Rasch, Philip J and Burrows, Susannah M and Ghan, Steven J and others},
  journal={Journal of Advances in Modeling Earth Systems},
  volume={12},
  number={1},
  pages={e2019MS001851},
  year={2020},
  publisher={Wiley Online Library}
}

@article{taylor2010compatible,
  title={A compatible and conservative spectral element method on unstructured grids},
  author={Taylor, Mark A and Fournier, Aim{\'e}},
  journal={Journal of Computational Physics},
  volume={229},
  number={17},
  pages={5879--5895},
  year={2010},
  publisher={Elsevier}
}

@article{dennis2012cam,
  title={CAM-SE: A scalable spectral element dynamical core for the Community Atmosphere Model},
  author={Dennis, John M and Edwards, Jim and Evans, Katherine J and Guba, Oksana and Lauritzen, Peter H and Mirin, Arthur A and St-Cyr, Amik and Taylor, Mark A and Worley, Patrick H},
  journal={The International Journal of High Performance Computing Applications},
  volume={26},
  number={1},
  pages={74--89},
  year={2012},
  publisher={Sage Publications Sage UK: London, England}
}

@article{golaz2022doe,
  title={The DOE E3SM Model Version 2: overview of the physical model and initial model evaluation},
  author={Golaz, Jean-Christophe and Van Roekel, Luke P and Zheng, Xue and Roberts, Andrew F and Wolfe, Jonathan D and Lin, Wuyin and Bradley, Andrew M and Tang, Qi and Maltrud, Mathew E and Forsyth, Ryan M and others},
  journal={Journal of Advances in Modeling Earth Systems},
  volume={14},
  number={12},
  year={2022},
  publisher={John Wiley \& Sons, Inc.}
}

@article{wang2020aerosols,
  title={Aerosols in the E3SM Version 1: New developments and their impacts on radiative forcing},
  author={Wang, Hailong and Easter, Richard C and Zhang, Rudong and Ma, Po-Lun and Singh, Balwinder and Zhang, Kai and Ganguly, Dilip and Rasch, Philip J and Burrows, Susannah M and Ghan, Steven J and others},
  journal={Journal of Advances in Modeling Earth Systems},
  volume={12},
  number={1},
  pages={e2019MS001851},
  year={2020},
  publisher={Wiley Online Library}
}

@article{giglio2013analysis,
  title={Analysis of daily, monthly, and annual burned area using the fourth-generation global fire emissions database (GFED4)},
  author={Giglio, Louis and Randerson, James T and Van Der Werf, Guido R},
  journal={Journal of Geophysical Research: Biogeosciences},
  volume={118},
  number={1},
  pages={317--328},
  year={2013},
  publisher={Wiley Online Library}
}

@article{van2017historic,
  title={Historic global biomass burning emissions for CMIP6 (BB4CMIP) based on merging satellite observations with proxies and fire models (1750--2015)},
  author={Van Marle, Margreet JE and Kloster, Silvia and Magi, Brian I and Marlon, Jennifer R and Daniau, Anne-Laure and Field, Robert D and Arneth, Almut and Forrest, Matthew and Hantson, Stijn and Kehrwald, Natalie M and others},
  journal={Geoscientific Model Development},
  volume={10},
  number={9},
  pages={3329--3357},
  year={2017},
  publisher={Copernicus GmbH}
}

@article{eyring2016overview,
  title={Overview of the Coupled Model Intercomparison Project Phase 6 (CMIP6) experimental design and organization},
  author={Eyring, Veronika and Bony, Sandrine and Meehl, Gerald A and Senior, Catherine A and Stevens, Bjorn and Stouffer, Ronald J and Taylor, Karl E},
  journal={Geoscientific Model Development},
  volume={9},
  number={5},
  pages={1937--1958},
  year={2016},
  publisher={Copernicus GmbH}
}

@article{ullrich2015arbitrary,
  title={Arbitrary-order conservative and consistent remapping and a theory of linear maps: Part I},
  author={Ullrich, Paul A and Taylor, Mark A},
  journal={Monthly Weather Review},
  volume={143},
  number={6},
  pages={2419--2440},
  year={2015}
}

@article{ullrich2016arbitrary,
  title={Arbitrary-order conservative and consistent remapping and a theory of linear maps: Part II},
  author={Ullrich, Paul A and Devendran, Dharshi and Johansen, Hans},
  journal={Monthly Weather Review},
  volume={144},
  number={4},
  pages={1529--1549},
  year={2016},
  publisher={American Meteorological Society}
}

@article{zender2008analysis,
  title={Analysis of self-describing gridded geoscience data with netCDF Operators (NCO)},
  author={Zender, Charles S},
  journal={Environmental Modelling \& Software},
  volume={23},
  number={10-11},
  pages={1338--1342},
  year={2008},
  publisher={Elsevier}
}

@article{sun2019impact,
  title={Impact of nudging strategy on the climate representativeness and hindcast skill of constrained EAMv1 simulations},
  author={Sun, Jian and Zhang, Kai and Wan, Hui and Ma, Po-Lun and Tang, Qi and Zhang, Shixuan},
  journal={Journal of Advances in Modeling Earth Systems},
  volume={11},
  number={12},
  pages={3911--3933},
  year={2019},
  publisher={Wiley Online Library}
}

@article{zhang2022further,
  title={Further improvement and evaluation of nudging in the E3SM Atmosphere Model version 1 (EAMv1): simulations of the mean climate, weather events, and anthropogenic aerosol effects},
  author={Zhang, Shixuan and Zhang, Kai and Wan, Hui and Sun, Jian},
  journal={Geoscientific Model Development},
  volume={15},
  number={17},
  pages={6787--6816},
  year={2022},
  publisher={Copernicus GmbH}
}

@article{hersbach2020era5,
  title={The ERA5 global reanalysis},
  author={Hersbach, Hans and Bell, Bill and Berrisford, Paul and Hirahara, Shoji and Hor{\'a}nyi, Andr{\'a}s and Mu{\~n}oz-Sabater, Joaqu{\'\i}n and Nicolas, Julien and Peubey, Carole and Radu, Raluca and Schepers, Dinand and others},
  journal={Quarterly Journal of the Royal Meteorological Society},
  volume={146},
  number={730},
  pages={1999--2049},
  year={2020},
  publisher={Wiley Online Library}
}

@article{malm2007examination,
  title={An examination of the physical and optical properties of aerosols collected in the IMPROVE program},
  author={Malm, William C and Hand, Jenny L},
  journal={Atmospheric Environment},
  volume={41},
  number={16},
  pages={3407--3427},
  year={2007},
  publisher={Elsevier}
}

@article{malm2004spatial,
  title={Spatial and monthly trends in speciated fine particle concentration in the United States},
  author={Malm, William C and Schichtel, Bret A and Pitchford, Marc L and Ashbaugh, Lowell L and Eldred, Robert A},
  journal={Journal of Geophysical Research: Atmospheres},
  volume={109},
  number={D3},
  year={2004},
  publisher={Wiley Online Library}
}

@article{holben1998aeronet,
  title={AERONET—A federated instrument network and data archive for aerosol characterization},
  author={Holben, Brent N and Eck, T Fꎬ and Slutsker, I al and Tanr{\'e}, D and Buis, JP and Setzer, A and Vermote, E and Reagan, John A and Kaufman, YJ and Nakajima, T and others},
  journal={Remote sensing of environment},
  volume={66},
  number={1},
  pages={1--16},
  year={1998},
  publisher={Elsevier}
}

@article{zhang2001size,
  title={A size-segregated particle dry deposition scheme for an atmospheric aerosol module},
  author={Zhang, Leiming and Gong, Sunling and Padro, Jacob and Barrie, Len},
  journal={Atmospheric environment},
  volume={35},
  number={3},
  pages={549--560},
  year={2001},
  publisher={Elsevier}
}

@article{seinfeld1998air,
  title={From air pollution to climate change},
  author={Seinfeld, John H and Pandis, Spyros N},
  journal={Atmospheric chemistry and physics},
  volume={1326},
  year={1998},
  publisher={John Wiley \& Sons New York}
}

@article{veraverbeke2017lightning,
  title={Lightning as a major driver of recent large fire years in North American boreal forests},
  author={Veraverbeke, Sander and Rogers, Brendan M and Goulden, Mike L and Jandt, Randi R and Miller, Charles E and Wiggins, Elizabeth B and Randerson, James T},
  journal={Nature Climate Change},
  volume={7},
  number={7},
  pages={529--534},
  year={2017},
  publisher={Nature Publishing Group UK London}
}

@article{kochtubajda2019assessment,
  title={An assessment of surface and atmospheric conditions associated with the extreme 2014 wildfire season in Canada’s Northwest Territories},
  author={Kochtubajda, Bohdan and Stewart, Ronald E and Flannigan, Mike D and Bonsal, Barrie R and Cuell, Charles and Mooney, Curtis J},
  journal={Atmosphere-Ocean},
  volume={57},
  number={1},
  pages={73--90},
  year={2019},
  publisher={Taylor \& Francis}
}

